5070 6632
482 861 527 932 26
1109 879 1275 930 ronums
1302 879 1432 929 norxnr

486 1125 530 1173 ex
557 1097 652 1171 Vll.
680 1096 828 1195 sphaera
854 1098 949 1169 radii
966 1123 990 1169 x

1177 1199 1280 1309 =A
1296 1249 1364 1321 nx³

489 1405 538 1476 &⁹
1245 1323 1266 1394 3

561 1534 658 1607 Sunt
683 1557 836 1631 quoque
865 1532 1100 1606 theoremata
1127 1535 1174 1605 ad
1201 1531 1315 1606 finem
1345 1531 1441 1625 tvl.)
1470 1533 1663 1606 enuntiata
1683 1533 1883 1605 manifesto
1910 1531 2082 1604 incondi-

483 1670 631 1742 tionote
658 1691 766 1740 vera.

1223 1872 1252 1958 §-
1281 1894 1338 1966 33·

554 2080 737 2178 Superest
764 2078 897 2170 adhuc,
926 2079 1017 2176 quid
1044 2078 1190 2153 theoria
1217 2078 1286 2151 ista
1313 2076 1383 2152 sibi
1406 2077 1508 2164 velit,
1538 2077 1589 2170 tin
1616 2076 1646 2162 ὅ.
1666 2099 1723 2170 32.
1749 2076 1989 2174 promissum)
2019 2103 2080 2150 ex-

484 2237 638 2310 ponere.

559 2344 588 2418 I.
618 2343 720 2417 Num
752 2352 790 2416 Σ
810 2357 874 2417 aut
900 2345 930 2417 S
954 2345 1107 2441 aliquod
1134 2348 1265 2442 reipsa
1293 2345 1348 2434 sit,
1377 2344 1587 2416 indecisum
1614 2358 1752 2415 manet.

557 2479 611 2552 Il.
639 2478 778 2551 Omnia
814 2504 859 2551 ex
894 2478 1095 2576 hypothesi
1119 2479 1326 2576 falsitatis
1361 2478 1433 2551 Ax.
1470 2476 1539 2552 XI.
1569 2481 1731 2551 deducta
1768 2502 1929 2576 {semper
1961 2503 2079 2550 sensu

487 2613 516 2700 §.
546 2634 602 2706 32.
630 2611 892 2708 intelligendol
920 2613 1095 2686 absolute
1130 2614 1267 2703 valent,
1296 2615 1470 2710 adeoque
1508 2613 1574 2685 hoc
1604 2639 1719 2685 sertsu
1750 2612 1859 2684 nulli
1881 2611 2085 2708 hypothesi

486 2748 733 2819 innituntur.
754 2745 932 2818 Habetur
951 2745 1096 2818 idcirco
1115 2749 1414 2840 trigonometrio
1436 2747 1567 2844 picino
1595 2772 1619 2818 a
1640 2747 1784 2843 priori,
1805 2745 1842 2817 in
1861 2771 1932 2843 qua
1951 2747 2080 2818 solum

485 2893 649 2976 systema
685 2904 822 2952 verum
860 2883 1038 2973 ignotum
1076 2880 1247 2977 adeoque
1283 2881 1524 2953 solummodo
1559 2880 1761 2954 absolutae
1801 2878 2080 2974 magnitudines

483 3013 767 3108 expressionum
795 3013 999 3108 incognitae
1032 3029 1194 3104 manent,
1223 3039 1292 3110 per
1325 3015 1485 3086 unicum
1515 3039 1606 3085 vero
1634 3038 1762 3085 casum
1790 3025 1933 3101 notum,
1962 3012 2079 3084 mani-

487 3146 584 3219 festo
619 3159 742 3218 toturn
779 3161 943 3241 systema
979 3145 1167 3244 figeretur.
1195 3145 1502 3242 Trigonometria
1536 3143 1723 3241 sphaerica
1758 3159 1883 3218 autem
1911 3144 1947 3217 in
1975 3144 2078 3231 §.ah

483 3279 656 3352 absolute
683 3277 880 3352 stabilitur.
909 3279 1177 3376 (Habeturque
1196 3278 1428 3370 Geometria,
1448 3278 1682 3352 Geometriae
1710 3280 1833 3376 planae
1860 3277 1896 3350 in
1925 3287 2079 3376 2’pror-

484 3437 545 3485 sus
571 3412 730 3508 analoga
757 3411 793 3482 in
819 3411 862 3482 F
865 3423 886 3506 l.

562 3543 634 3616 Ill.
664 3543 704 3616 Si
730 3553 926 3619 constaret
945 3553 983 3617 Σ
1002 3570 1094 3635 esse,
1116 3543 1206 3617 nihil
1227 3544 1300 3618 hoc
1318 3558 1493 3641 respectu
1513 3545 1673 3642 amplius
1695 3545 1928 3642 incognitum
1957 3559 2077 3640 esset;

483 3677 512 3750 si
539 3702 632 3750 vero
659 3686 854 3751 constaret
879 3703 954 3750 non
983 3703 1064 3753 esse
1093 3687 1134 3770 Σ,
1162 3693 1251 3752 tunc
1281 3679 1323 3774 (ὅ.
1340 3679 1410 3773 31.)
1439 3699 1481 3774 te.
1502 3677 1549 3775 g.)
1577 3703 1597 3751 e
1625 3677 1807 3752 lateribus
1832 3706 1867 3770 x,
1889 3705 1917 3776 y
1946 3694 1983 3753 et
2015 3703 2078 3750 an-

480 3810 569 3908 gulo
594 3811 794 3884 rectilineo
821 3812 868 3884 ab
895 3811 937 3884 iis
964 3813 1189 3910 intercept0,
1218 3813 1254 3883 in
1282 3823 1454 3886 concreto
1482 3813 1588 3885 datis
1615 3812 1815 3886 manifesto
1838 3813 1875 3885 in
1895 3837 1934 3886 se
1954 3828 1992 3886 et
2010 3838 2077 3910 per

480 3970 520 4016 se
547 3945 780 4042 impossibile
809 3960 907 4018 esset
925 3946 1153 4042 triangulum
1173 3946 1346 4020 absolute
1366 3947 1561 4020 resolvere
1585 3946 1618 4020 ti.
1639 3947 1682 4042 e.)
1711 3973 1730 4018 a
1757 3947 1874 4044 priori
1901 3947 2077 4020 determi-

481 4102 571 4149 nare
600 4078 757 4173 angulos
784 4093 932 4152 ceteros
960 4094 997 4151 et
1025 4081 1218 4153 rationem
1249 4081 1389 4152 lateris
1416 4082 1528 4155 tertii
1549 4082 1596 4152 ad
1623 4082 1698 4152 duo
1727 4083 1832 4172 data,
1868 4081 1936 4154 nisi
1964 4080 2012 4170 X,
2048 4081 2087 4153 Υ

481 4211 792 4302 determinentur,
822 4215 867 4284 ad
895 4217 998 4310 quod
1027 4217 1067 4286 in
1095 4223 1267 4298 concreto
1296 4214 1426 4288 haberi
1454 4213 1607 4311 aliquod
1634 4241 1657 4287 a
1686 4229 1891 4312 oporteret,
1912 4214 2018 4288 cuius
2035 4216 2074 4287 A

484 4359 614 4418 notum
644 4359 763 4436 esset;
792 4360 902 4442 atque
931 4363 1009 4419 tum
1038 4349 1056 4420 i
1080 4349 1214 4419 unitas
1251 4349 1454 4422 naturalis
1489 4349 1789 4442 longitudinum
1819 4363 1927 4440 esset,
1957 4347 2078 4444 [sicuti

481 4503 499 4552 e
529 4493 584 4550 est
612 4477 711 4551 basis
737 4477 1051 4573 logarithmorum
1086 4480 1336 4568 naturalium).
1365 4481 1404 4554 Si
1440 4481 1638 4555 existentia
1673 4482 1781 4555 huius
1808 4486 1826 4556 i
1849 4481 2076 4572 constiterit;

484 4612 679 4708 quomodo
706 4614 753 4685 ad
780 4637 887 4685 usum
916 4612 1050 4685 saltem
1078 4638 1189 4710 quam
1218 4613 1454 4688 exactissime
1490 4615 1658 4688 construi
1684 4615 1813 4712 possit,
1843 4618 2076 4689 ostendetur.

556 4743 626 4817 lV.
657 4744 778 4818 Sensu
807 4744 843 4815 in
872 4744 901 4818 l.
930 4761 968 4817 et
996 4744 1047 4818 II.
1077 4748 1249 4844 exposito
1284 4762 1398 4845 patet,
1427 4749 1552 4822 omnia
1589 4748 1624 4820 in
1661 4749 1782 4847 spatio
1810 4749 1992 4823 methodo
2019 4774 2075 4822 re-

481 4878 693 4950 centiorum
722 4876 924 4974 Analytica
952 4879 1059 4971 tintra
1087 4879 1205 4953 iustos
1231 4879 1325 4952 fines
1350 4881 1461 4953 valde
1489 4881 1688 4969 laudanda)
1716 4882 1861 4955 absolvi
1888 4907 2009 4978 posse.

554 5011 602 5083 V.
632 5009 809 5107 Denique
845 5010 1048 5084 lectoribus
1086 5012 1281 5087 benevolis
1316 5014 1415 5087 haud
1455 5013 1642 5111 ingratum
1683 5016 1850 5089 futurum
1891 5033 1966 5108 est;
2006 5043 2076 5115 pro

481 5169 569 5218 casu
596 5142 673 5234 illo,
702 5144 838 5240 quodsi
863 5169 940 5217 non
970 5152 1009 5218 Σ
1027 5146 1094 5218 sed
1131 5145 1161 5218 S
1191 5146 1314 5244 reipsa
1350 5163 1459 5239 esset,
1489 5148 1632 5221 circulo
1660 5149 1805 5248 aequale
1837 5151 2074 5224 rectilineum

481 5277 658 5352 construi.
