5070 6632
509 882 556 956 34
1028 884 1187 936 roanurs
1214 885 1345 936 nouum
1372 884 1581 938 aprunum.

328 1116 397 1194 Fig.
423 1135 458 1196 23
588 1100 710 1175 Porro
730 1101 961 1220 construitur
979 1101 1274 1198 quadrilaterum
1304 1127 1360 1176 ex.
1380 1129 1432 1198 gr.
1450 1103 1623 1201 regulare
1653 1133 1695 1164 =
1708 1109 1759 1192 l],
1780 1116 1820 1176 ut
1838 1102 2018 1200 sequitur.
2047 1103 2103 1177 Sit

759 1459 761 1464 Ι
808 1352 995 1450 abc=R,
1025 1325 1277 1484 bac=}R,
1310 1327 1560 1506 achi-R,
1590 1373 1628 1433 et
1654 1352 1808 1450 bc=x3

507 1620 648 1720 poterit
672 1619 719 1694 X
740 1621 798 1696 lex
825 1620 854 1708 §.
871 1643 926 1715 31.
957 1618 1022 1712 ΙΙ.)
1048 1643 1118 1719 per
1148 1641 1271 1692 meras
1303 1615 1450 1690 radices
1485 1615 1724 1714 quadraticas
1759 1617 1929 1717 exprimi,
1958 1634 1995 1694 et
2022 1619 2101 1719 (per

507 1755 540 1842 §.
558 1755 629 1850 37.)
658 1754 850 1829 construi:
879 1751 1086 1848 habitoque
1108 1749 1158 1838 X,
1189 1756 1270 1848 (per
1288 1750 1317 1838 §.
1338 1749 1407 1844 38.,
1435 1749 1515 1824 sive
1543 1750 1656 1823 etiam
1685 1771 1742 1845 29.
1765 1765 1805 1825 et
1829 1751 1901 1845 35.)
1928 1778 1953 1825 x
1978 1752 2100 1850 ipsum

507 1887 752 1962 determinari
785 1900 923 1984 potest.
951 1885 1098 1985 Estque
1134 1883 1331 1980 octuplum
1371 1877 1488 1959 Acbc
1523 1883 1719 1958 manifesto
1756 1891 1864 1973 :[],
1892 1901 2005 1985 atque
2024 1897 2102 1984 per

505 2021 583 2111 hoc,
611 2020 786 2096 circulus
806 2021 959 2118 planus
986 2019 1098 2092 radii
1121 2043 1151 2109 s,
1175 2028 1249 2116 per
1272 2019 1458 2114 figuram
1495 2018 1753 2110 rectilineum,
1781 2028 1820 2091 at
1852 2019 1980 2095 lineas
2015 2024 2100 2095 uai-

495 2155 654 2254 formes
680 2157 855 2230 ciusdem
879 2154 1042 2248 generis
1070 2155 1221 2251 (rectis,
1251 2153 1386 2250 quoad
1407 2153 1737 2250 comparationem
1766 2153 1871 2225 inter
1895 2177 1947 2243 sa,
1966 2155 2100 2253 acqui-

505 2289 703 2383 valentes)
726 2289 957 2384 geometrice
985 2289 1233 2383 qzradratus;
1270 2286 1443 2360 cz'rculus
1479 2285 1521 2357 F
1517 2285 1671 2384 formis
1706 2311 1795 2359 vero
1831 2288 1960 2361 codem
1990 2287 2100 2360 modo

504 2423 797 2520 complanatus:
825 2422 1068 2518 habeturque
1099 2429 1172 2493 aut
1196 2420 1369 2494 sz'oma
1397 2417 1472 2490 ΧΙ.
1503 2417 1686 2492 Euclr'dz's
1722 2444 1871 2508 aarum,
1899 2429 1972 2493 aut
2004 2447 2099 2519 qua·

505 2557 675 2629 dratura
702 2555 848 2629 circuli
867 2555 1131 2650 geometrica,
1169 2553 1240 2626 etsi
1275 2553 1470 2652 hucusque
1507 2553 1716 2627 indecisum
1752 2553 1942 2641 manserit,
1978 2556 2098 2651 quod-

505 2715 590 2762 nam
619 2714 665 2761 ex
692 2687 747 2763 his
781 2689 930 2762 duobus
963 2713 1096 2762 revera
1131 2687 1258 2762 locum
1293 2686 1440 2759 habeat.
1469 2684 1630 2780 Quoties
1656 2687 1805 2781 tang.a²
1832 2688 1897 2759 vel
1921 2711 2099 2760 numerus
2186 2736 2191 2750 ·

504 2819 651 2918 integer
677 2822 742 2895 vel
765 2821 899 2895 fractio
925 2820 1119 2896 rationalis
1145 2820 1268 2906 fuerit,
1298 2819 1403 2893 cuius
1429 2821 1490 2916 lad
1515 2819 1827 2917 simplicissimam
1854 2821 2012 2894 formam
2041 2845 2098 2896 re-

504 2957 641 3042 ductae)
669 2954 935 3028 denominator
960 2963 1032 3028 aut
1057 2977 1236 3028 numerus
1262 2954 1404 3051 primus
1429 2953 1564 3026 formae
1597 2969 1725 3029 ama-1
1758 2954 1876 3044 (cuius
1902 2968 1959 3028 est
1986 2953 2098 3027 etiam

504 3087 715 3166 μήθ-Η)
742 3099 815 3162 aut
839 3090 1069 3185 productum
1095 3086 1206 3162 fuerit
1233 3113 1253 3160 e
1281 3100 1527 3184 quotcunque
1555 3087 1684 3184 primis
1711 3089 1819 3162 huius
1840 3089 1985 3180 formae,
2005 3113 2099 3184 quo-

502 3247 585 3295 rum
626 3222 757 3321 (ipsum
796 3244 827 3310 a,
856 3222 920 3320 qui
955 3221 1057 3296 solus
1092 3222 1243 3319 quotvis
1277 3221 1422 3295 vicibus
1457 3247 1659 3296 occurrere
1694 3236 1830 3321 potest,
1860 3221 2097 3322 excipiendol

504 3355 626 3451 quivis
652 3356 776 3430 semel
800 3372 842 3430 ut
868 3356 990 3430 factor
1017 3355 1203 3429 occurrit:
1232 3380 1300 3453 per
1326 3355 1510 3430 theoriam
1538 3356 1816 3455 polygonorum
1837 3356 1887 3430 ill.
1915 3355 2103 3430 GAUSS

503 3489 741 3587 [praeclarum
768 3490 886 3564 nostri
912 3488 991 3563 imo
1018 3489 1138 3563 omnis
1166 3487 1239 3562 aevi
1263 3487 1483 3581 inventum),
1513 3488 1624 3562 etiam
1659 3489 1730 3587 ipsi
1763 3503 1863 3588 tang.
1873 3491 2014 3571 z²[]=
2030 3496 2097 3568 Θε

503 3621 553 3716 (et
579 3621 727 3696 nonnisi
754 3648 823 3720 pro
850 3623 987 3696 talibus
1014 3622 1206 3695 valoribus
1233 3621 1346 3719 ipsius
1372 3624 1406 3709 z]
1443 3620 1600 3719 figuram
1636 3621 1870 3696 rectilineum
1911 3621 2097 3720 aequalem

502 3753 732 3830 constituere
760 3755 860 3830 licet.
881 3755 981 3829 Nam
1008 3757 1150 3829 divisio
1177 3755 1293 3852 ipsius
1316 3759 1352 3833 U
1381 3753 1630 3831 (theoremate
1650 3755 1680 3843 l.
1698 3779 1756 3848 42.
1784 3755 1894 3829 facile
1921 3757 1968 3830 ad
1994 3779 2097 3852 quae·

502 3887 595 3962 libet
633 3887 824 3987 polygona
858 3891 1027 3976 extenso)
1063 3888 1262 3963 manifesto
1296 3891 1502 3962 sectionem
1539 3889 1653 3986 ipsius
1687 3889 1755 3961 alr
1788 3887 1956 3985 requirit,
1984 3914 2095 3985 quam

502 4027 554 4103 lut
580 4021 728 4095 ostendi
754 4023 892 4119 potest)
920 4023 1029 4096 unice
1055 4023 1126 4096 sub
1153 4023 1253 4096 dicta
1280 4021 1498 4095 conditione
1525 4021 1757 4118 geometrice
1785 4019 1971 4119 perficere
1989 4019 2092 4096 licet.

502 4154 549 4229 In
576 4155 752 4228 omnibus
779 4170 906 4228 autem
932 4154 1070 4228 talibus
1097 4154 1245 4228 casibus
1279 4151 1535 4253 praecedentia
1562 4155 1672 4229 lacile
1698 4156 1746 4229 ad
1773 4180 1931 4253 scopum
1959 4156 2096 4252 perdu-

502 4303 600 4362 cent.
630 4287 681 4361 Et
707 4301 833 4385 potest
858 4287 1003 4385 quaevis
1030 4287 1148 4386 figura
1186 4288 1383 4362 rectilinea
1418 4287 1455 4359 in
1490 4285 1723 4386 polygonum
1750 4288 1922 4386 regulare
1951 4315 1975 4362 n
2005 4289 2095 4363 late·

499 4447 582 4496 rum
610 4421 843 4518 geometrice
870 4423 1052 4510 converti,
1081 4421 1265 4517 siquidem
1294 4447 1318 4493 n
1347 4423 1416 4496 sub
1443 4421 1602 4494 formam
1621 4421 1696 4495 GA
1709 4419 1944 4496 USSr'anam
1973 4424 2093 4495 cadat.

573 4554 799 4652 Superesset
829 4554 1003 4652 denique,
1033 4568 1086 4650 (ut
1108 4579 1167 4630 res
1193 4555 1298 4630 omui
1316 4581 1475 4630 numero
1495 4555 1733 4652 absolvatur),
1753 4555 2092 4653 impossibilitatem

499 4688 653 4785 (absque
680 4688 940 4786 suppositione
968 4688 1103 4786 aliqual
1131 4690 1342 4782 decidendi,
1364 4715 1453 4764 num
1481 4697 1521 4763 Σ
1539 4703 1603 4764 aut
1629 4689 1783 4787 aliquod
1811 4688 2092 4787 (etquodnam)

498 4818 528 4892 S
550 4821 606 4910 sit,
623 4822 907 4896 demonstrare:
935 4824 1037 4920 quod
1064 4839 1191 4896 tamen
1218 4823 1411 4897 occasioni
1437 4824 1555 4920 magis
1582 4822 1730 4897 idoneae
1756 4836 1983 4897 reservatur.
