5070 6632
493 881 542 954 40
1020 885 1327 938 ADNOTATIONES
1354 887 1572 940 EDITORUM.

568 1099 667 1196 Peg.
687 1101 741 1174 16.
769 1091 809 1188 ᾗ.
828 1125 866 1192 3.
896 1098 955 1174 Ex
982 1101 1113 1175 libello
1140 1102 1372 1177 Germanico
1400 1104 1565 1177 auctoris
1593 1128 1704 1176 manu
1727 1103 1867 1202 scripto
1891 1124 1976 1202 ucq».
1998 1104 2087 1178 scri·

493 1233 635 1329 psimus
661 1257 730 1330 pro
757 1233 895 1308 vitioso
927 1253 1012 1334 «cg»
1045 1235 1235 1310 Editionis
1263 1235 1293 1309 I.

566 1500 664 1598 Peg.
686 1525 741 1596 17.
768 1493 809 1590 ᾗ.
831 1525 869 1596 5.
902 1496 1072 1591 «calleh,
1100 1501 1193 1590 c'u'lll
1208 1498 1276 1579 cb»
1307 1503 1524 1602 scripsimus
1552 1530 1622 1602 pro
1654 1524 1727 1596 «cn,
1751 1505 1813 1580 c'n'
1828 1505 1846 1591 lll
1861 1500 1928 1580 ab·
1962 1504 2034 1579 Ed.
2057 1505 2087 1580 Ι.

569 1769 665 1866 Pag.
685 1793 743 1843 20.
771 1762 812 1858 tl.
837 1775 872 1846 8.
905 1785 963 1845 «et
995 1794 1060 1868 27»
1084 1771 1274 1852 ,loannes
1315 1769 1452 1868 Bolyai
1487 1773 1565 1869 ipse
1600 1771 1770 1870 ascripsit
1807 1771 1843 1844 in
1883 1773 2089 1871 exemplari

493 1903 730 1978 Academiae.

563 2169 662 2267 Peg.
681 2194 739 2244 22.
766 2162 806 2258 vl.
835 2197 867 2267 4.
887 2197 911 2244 a
931 2173 1034 2245 calce
1065 2172 1115 2260 ις.
1134 2195 1230 2267 30.·.
1258 2173 1477 2270 scripsimus
1505 2196 1574 2270 pro
1606 2175 1658 2263 ις.
1687 2193 1781 2266 292.
1811 2171 1883 2246 Ed.
1913 2171 1943 2244 I.

566 2437 667 2534 Pag.
681 2461 744 2530 35.
775 2436 819 2509 In
846 2436 919 2512 hoc
947 2437 1233 2530 Additamento
1262 2442 1365 2536 quod
1393 2464 1501 2537 pagg.
1528 2438 1721 2533 380-383
1750 2437 1861 2513 Tom.
1881 2439 1935 2514 II.
1964 2440 2033 2513 Ed.
2054 2437 2083 2512 Ι.

492 2568 726 2645 Tentaminis
766 2571 992 2663 continetur,
1023 2571 1233 2646 delevimus
1273 2573 1504 2647 mentionem
1544 2575 1591 2646 de
1631 2572 1775 2671 paginis
1814 2572 1924 2647 huius
1963 2572 2087 2671 operis

492 2705 639 2792 factam,
667 2703 703 2777 in
731 2705 866 2802 quibus
893 2704 1016 2779 solum
1043 2704 1284 2780 theoremata
1320 2705 1497 2779 omnibus
1526 2720 1617 2778 nota
1653 2707 1906 2781 continentur.
1933 2704 2086 2780 Articu-

490 2835 569 2911 lum
594 2861 689 2911 vero
716 2839 924 2912 secundum
951 2837 989 2911 in
1017 2837 1117 2912 hunc
1144 2837 1273 2912 locum
1300 2837 1523 2912 reiecimus:

889 2971 987 3045 .Pr0
1015 2999 1038 3045 v
1064 2971 1227 3071 positivo
1249 2971 1418 3045 radicem
1436 2971 1638 3070 positivam
1665 2972 1778 3069 ipsius
1805 2987 1898 3045 -v²
1923 2997 1994 3072 per
2011 2979 2085 3048 lv

810 3105 976 3194 denotat,
997 3118 1035 3178 et
1053 3106 1267 3202 negativam
1294 3129 1362 3202 per
1388 3131 1474 3194 41),
1503 3108 1571 3178 sed
1597 3105 1648 3177 ob
1674 3104 1866 3178 delectum
1893 3103 2085 3201 signorum

811 3247 938 3336 (quum
964 3237 1026 3310 vix
1053 3237 1136 3310 haec
1164 3240 1240 3312 duo
1271 3240 1545 3335 quadamtenus
1579 3236 1825 3335 prodierunt),
1853 3235 1961 3309 radix
1986 3237 2084 3334 posi-

810 3371 886 3444 tiva
920 3371 1036 3464 ipsius
1064 3393 1129 3442 -1
1160 3395 1228 3470 per
1258 3358 1368 3458 ts—'l
1399 3385 1438 3444 et
1472 3369 1647 3466 negativa
1683 3395 1752 3468 per
1782 3355 1942 3456 ..s-j
1971 3371 2086 3444 deno-

811 3504 985 3579 tabitur».

563 3769 721 3844 Ibidem
748 3761 788 3858 ᾗ.
811 3795 850 3863 3.
879 3769 974 3846 Post
1004 3769 1284 3868 «Appendicis»
1315 3770 1525 3845 delevimus
1555 3771 1614 3842 «in
1640 3786 1747 3844 tomo
1773 3769 1929 3869 primo».

564 4035 718 4110 Ibidem
746 4027 786 4124 tl.
817 4061 868 4110 rr.
897 4037 1051 4112 Initium
1079 4038 1226 4112 articuli
1254 4037 1363 4111 huius
1389 4038 1426 4110 in
1455 4037 1526 4110 Ed.
1555 4037 1586 4110 l.
1614 4038 1667 4111 sic
1695 4036 1854 4134 legitur:
1922 4094 1925 4105 .

888 4169 1100 4244 «Nimirum
1128 4172 1175 4242 de
1203 4169 1390 4243 axiomate
1411 4169 1597 4244 Euclideo
1617 4172 1761 4244 dictum
1780 4171 1818 4243 in
1839 4185 1944 4244 tomo
1962 4169 2085 4266 primo

809 4303 899 4379 satis
925 4327 1114 4403 superque
1142 4318 1221 4377 est:
1251 4327 1321 4399 pro
1348 4327 1447 4396 casu,
1476 4303 1506 4376 si
1534 4327 1666 4376 verum
1693 4327 1769 4378 non
1797 4304 1909 4377 fuerit
1939 4305 2011 4376 Θ».

564 4573 665 4668 Pug.
680 4577 744 4664 38.
770 4563 810 4658 ll.
838 4595 871 4644 2.
904 4570 1243 4668 «multiplicentur»
1275 4569 1492 4667 scripsimus
1520 4593 1589 4667 pro
1618 4592 1780 4642 erroneo
1811 4567 2085 4642 «dividantur».

563 4837 718 4912 Ibzilem
747 4830 785 4926 ll.
804 4843 838 4912 8.
869 4839 983 4910 Latus
1010 4835 1201 4910 sinistrum
1229 4834 1403 4908 formulae
1430 4834 1467 4906 in
1497 4835 1566 4907 Ed.
1597 4833 1626 4906 Ι.
1656 4837 1775 4907 deest.
