5070 6632
883 1663 1302 1740 ADNOTATlONES
1330 1661 1633 1738 EDITORUM.

536 2057 580 2130 ln
609 2057 680 2131 Ed.
710 2055 740 2128 l.
769 2055 1006 2153 Appendicis
1033 2054 1154 2129 literae
1181 2055 1387 2151 singulares
1413 2071 1554 2154 puncta
1580 2057 1806 2129 denotantes
1834 2055 1949 2130 literis
1968 2083 2054 2154 quae

461 2189 638 2264 dicuntur
664 2193 831 2263 cursivis
857 2188 1050 2286 impressae
1078 2203 1175 2280 sunt,
1204 2190 1270 2262 sed
1297 2189 1335 2261 in
1363 2187 1500 2262 libellis
1523 2187 1633 2261 nobis
1650 2188 1791 2262 relictis
1812 2214 1922 2263 manu
1943 2186 2055 2263 Ioan-

462 2325 523 2398 nis
550 2321 686 2422 Bolyai
713 2321 863 2421 scriptis
889 2337 1030 2420 puncta
1058 2321 1175 2396 literis
1202 2349 1263 2421 qu.
1284 2325 1318 2395 d.
1335 2326 1501 2420 srnclm·
1527 2323 1767 2413 denotantur,
1788 2324 1924 2420 quibus
1943 2323 2053 2397 etiam

460 2472 571 2553 pater
597 2458 677 2530 eius
704 2480 793 2529 usus
820 2469 885 2528 est.

534 2721 633 2817 Pug.
663 2746 694 2794 r.
716 2729 807 2818 post
832 2713 870 2809 tl.
903 2745 956 2814 15.
985 2721 1022 2794 in
1051 2723 1121 2795 Ed.
1150 2723 1181 2797 I.
1210 2722 1369 2820 legitur:
1439 2789 1442 2796 .

965 2916 1002 2984 l-
1031 2921 1190 2992 denotet
1216 2918 1531 3016 perpendiculare

967 3053 1000 3143 Λ
1104 3081 1115 3116 r
1213 3052 1402 3150 angulum.

534 3257 617 3330 Nos
646 3258 726 3331 haec
756 3258 973 3348 delevimus,
1003 3258 1089 3356 quia
1120 3282 1188 3355 pro
1216 3257 1323 3352 signo
1354 3265 1392 3333 l.
1420 3255 1613 3330 usitatiore
1646 3263 1680 3330 l
1711 3255 1861 3348 utimur,
1889 3259 2054 3333 vocabu-

459 3389 537 3463 lum
570 3390 788 3487 «angulum»
818 3406 945 3465 autem
974 3389 1113 3488 ubique
1141 3390 1329 3487 integrum
1356 3389 1566 3464 scribimus,

533 3655 632 3752 Peg.
659 3660 694 3731 8.
721 3647 760 3742 tl.
791 3658 927 3729 ultimo
959 3651 1055 3730 «its»
1086 3655 1321 3730 correximus
1357 3656 1392 3728 in
1424 3650 1542 3753 «lits»,
1570 3671 1612 3731 ut
1639 3671 1677 3730 et
1704 3655 1782 3754 ipse
1810 3671 1942 3729 auctor
1974 3681 2054 3730 cor-

458 3785 556 3861 rexit
582 3787 618 3860 in
645 3786 776 3862 libello
804 3814 916 3862 manu
943 3789 1095 3886 script0,
1124 3816 1200 3890 quo
1227 3790 1498 3887 Appendicem
1526 3788 1653 3885 lingua
1672 3790 1900 3863 Germanica
1928 3791 2054 3865 denuo

459 3921 715 4018 pertractavit.

531 4187 632 4286 Pug.
655 4214 709 4263 lo.
729 4181 768 4277 tl.
790 4193 927 4264 ultimo
952 4194 984 4266 l'.
1006 4195 1061 4265 18.
1094 4185 1235 4290 «Dipo»
1269 4189 1557 4264 emendavimus
1584 4215 1631 4262 ex
1663 4197 1721 4266 «O
1736 4182 1811 4285 bl».

531 4456 631 4553 Pag.
649 4480 704 4552 14.
724 4464 921 4530 extremae
940 4459 974 4539 §.
994 4457 1052 4530 26.
1082 4470 1214 4529 auctor
1233 4454 1405 4554 ascripsit
1423 4455 1628 4552 exemplari
1648 4455 1686 4527 in
1704 4453 1934 4528 bibliotheca
1953 4455 2052 4528 Aca-

457 4589 594 4664 demiae
624 4589 858 4686 Hungaricae
885 4603 1079 4664 asservato
1111 4613 1206 4662 aeos.
1235 4613 1388 4686 quoque
1416 4589 1706 4662 necessarium».
1735 4586 1900 4661 Videtur
1916 4586 1954 4660 in
1974 4589 2052 4661 edi·

457 4721 559 4796 tione
574 4725 736 4820 quadam
753 4722 868 4795 altera
888 4721 1191 4820 propositionem
1211 4722 1258 4794 de
1279 4721 1410 4795 cosinu
1432 4723 1758 4794 demonstraturus
1776 4720 1902 4812 fuisse,
1923 4746 2052 4818 quam·

457 4881 570 4952 quam
598 4855 690 4929 nihil
713 4856 773 4929 hic
794 4857 947 4929 maioris
966 4855 1147 4929 momenti
1168 4880 1258 4928 vere
1279 4855 1525 4928 desideratur.
1547 4853 1697 4928 Revera
1717 4854 2049 4946 considerationes,

456 4989 592 5087 quibus
620 4991 657 5062 in
689 4987 988 5087 «Supplemento
1015 4989 1162 5063 numeri
1191 5007 1343 5084 '313511
1375 4987 1486 5062 Tom.
1516 4988 1568 5061 ΙΙ.
1597 4986 1832 5062 Tentaminis
1860 5013 1906 5061 ex

987 5184 1053 5258 sin.
1067 5183 1135 5258 H:
1152 5183 1219 5258 sin.
1231 5184 1269 5256 Α
1282 5207 1351 5256 =1
1372 5213 1379 5258 :
1400 5184 1466 5256 sin.
1478 5210 1501 5256 u

453 5390 741 5488 trigonometria
767 5389 951 5487 sphaerica
977 5387 1122 5484 integra
1142 5388 1352 5476 deducitur,
1374 5403 1412 5461 et
1431 5389 1466 5459 in
1486 5387 1696 5484 geometria
1716 5386 1889 5462 absoluta
1909 5388 2045 5462 valent.
