5070 6632
968 1906 1307 1982 WOLFGANGI
1336 1909 1529 1985 BOLYAI

764 2072 1225 2153 ADDITAMENTUM
1254 2077 1334 2152 AD
1359 2077 1743 2155 APPENDICEM.

527 2459 704 2556 Denique
739 2465 903 2562 aliquid
938 2463 1108 2537 Auctori
1142 2464 1385 2561 Appendices
1415 2469 1638 2563 proprium,
1674 2467 1869 2541 coronidis
1905 2467 2047 2556 instar,

451 2596 592 2669 addere
619 2595 673 2670 ias
700 2596 769 2672 sit:
798 2597 861 2694 qui
886 2612 1013 2670 tamen
1041 2597 1223 2693 ignoscat,
1252 2598 1399 2696 siquid
1425 2623 1502 2673 non
1529 2624 1598 2673 acu
1625 2599 1704 2673 eius
1730 2599 1932 2696 tetigerim.

526 2729 606 2804 Res
640 2730 806 2804 breviter
841 2730 879 2803 in
915 2755 960 2804 eo
997 2731 1186 2804 consistit:
1212 2732 1421 2829 formulae
1449 2733 1772 2827 trigonometrioe
1804 2732 2048 2828 sphaericae,

451 2864 488 2936 in
518 2865 744 2962 Appendice
772 2865 872 2938 dicta
899 2865 946 2937 ab
973 2865 1160 2937 axiomate
1187 2865 1258 2938 XI.
1289 2865 1397 2938 Encl.
1421 2865 1723 2964 independenter
1762 2867 2045 2955 demonstratae,

451 3025 539 3074 cum
572 2997 773 3096 formulis
816 2999 1140 3092 trz'gonometriue
1176 2998 1328 3094 plenae
1376 3001 1621 3088 conueniunt,
1665 3001 1705 3071 si
1753 2999 1880 3089 (modo
1924 2999 2048 3072 statim

452 3130 625 3223 dicendo)
654 3131 782 3205 latero
810 3130 1015 3225 trianguli
1037 3130 1237 3226 sphaerici
1265 3133 1404 3222 reolio,
1435 3133 1633 3206 rectilinei
1664 3158 1752 3204 vero
1789 3133 2045 3228 imaginario

451 3265 721 3359 accipientum
749 3265 846 3336 adeo
874 3276 914 3336 ut
940 3264 1066 3360 quoad
1092 3263 1272 3336 formulas
1298 3265 1627 3362 trigonome·ricas
1655 3266 1808 3362 planum
1836 3279 1876 3338 ut
1893 3264 2043 3362 sphaera

452 3399 667 3498 imaginaria
686 3401 919 3474 considerari
934 3400 1061 3499 possit,
1082 3401 1111 3474 si
1138 3425 1206 3498 pro
1233 3400 1324 3472 reali
1351 3399 1413 3472 illa
1440 3400 1656 3498 accipiatur,
1676 3403 1713 3476 in
1741 3429 1815 3500 qua
1840 3403 2047 3480 sin.R=1.

527 3532 605 3606 Pro
631 3558 731 3627 casu,
760 3534 789 3606 si
815 3533 963 3609 axioma
991 3532 1099 3608 Eucl.
1119 3558 1253 3607 verum
1281 3558 1356 3606 non
1382 3533 1503 3625 fuerit,
1524 3535 1805 3610 demonstratur
1831 3538 2050 3635 (Appendix

452 3668 482 3756 §.
509 3667 581 3764 30.)
608 3667 689 3740 dari
717 3681 862 3741 certum
891 3671 915 3758 i,
943 3693 1013 3767 pro
1048 3693 1124 3765 quo
1158 3668 1299 3741 ibidem
1335 3667 1477 3742 dictum
1507 3666 1538 3739 I
1557 3682 1613 3742 est
1641 3695 1719 3742 =e
1752 3669 1844 3764 (basi
1870 3669 2048 3768 logarith·

451 3826 598 3875 morum
627 3801 876 3898 naturalium),
905 3817 1017 3900 atque
1049 3826 1118 3898 pro
1155 3802 1227 3874 hoc
1268 3825 1355 3874 casu
1390 3801 1564 3874 formulae
1592 3801 1893 3898 trigonometriae
1919 3805 2047 3903 planae

450 3959 603 4033 quoque
641 3937 946 4009 demonstrantur
980 3935 1131 4030 (ibidem
1165 3936 1194 4022 §.
1223 3935 1312 4027 31.);
1354 3948 1391 4007 et
1418 3935 1572 4030 quidem
1599 3934 1659 4026 ita,
1697 3949 1739 4010 ut
1774 3936 1889 4030 (iuxta
1917 3937 1946 4025 §.
1975 3961 2046 4032 32,

451 4082 538 4166 post
556 4068 662 4160 VII,
683 4069 836 4146 ibidem
855 4068 1030 4142 formulae
1058 4083 1096 4141 et
1122 4093 1191 4166 pro
1219 4093 1307 4140 casu
1335 4067 1504 4141 veritatis
1532 4068 1728 4143 axiomatis
1757 4069 1847 4143 dicti
1874 4071 2047 4160 valeant;

450 4225 586 4299 nempe
605 4203 636 4276 si
653 4206 913 4302 supponendo,
933 4205 1036 4299 quod
1063 4203 1210 4292 imoo,
1232 4200 1369 4275 limites
1390 4202 1560 4276 valorum
1580 4202 1837 4299 accipiantur,
1866 4203 2043 4278 nimirum

451 4349 614 4432 systema
642 4336 869 4410 Euclidenm
897 4351 953 4408 est
979 4335 1086 4432 quasi
1112 4335 1220 4408 limes
1254 4335 1466 4432 systematis
1501 4335 1743 4410 antieuclidei
1778 4336 1858 4434 (pro
1886 4339 1964 4409 i«
1978 4336 2046 4432 00).

453 4469 633 4560 Ponatur,
662 4493 731 4567 pro
759 4494 847 4542 casu
875 4469 1067 4543 existentis
1094 4471 1118 4560 i,
1148 4469 1269 4542 unitas
1297 4471 1376 4560 zi,
1414 4482 1526 4566 atque
1562 4485 1771 4566 conceptus
1805 4471 1918 4544 sinus
1953 4473 2047 4543 eosi-

452 4627 603 4701 nusque
631 4606 855 4678 extendatur
881 4619 919 4676 et
946 4606 992 4677 ad
1020 4629 1127 4678 arcus
1166 4601 1428 4699 imaginarios;
1465 4602 1517 4677 ita
1551 4616 1592 4676 ut
1627 4627 1755 4676 arcum
1793 4603 1870 4676 sive
1905 4602 2047 4676 realem

457 4735 535 4810 sive
563 4736 824 4834 imaginarium
852 4739 1010 4812 denotet
1027 4747 1070 4837 p,
1099 4737 1244 4810 dicatur

1023 4902 1072 4952 ι(

1004 4957 1072 5058 ἶ(

1074 4919 1179 5006 ept'l‘i
1187 4951 1230 5008 4
1241 4919 1380 5029 ε-ρΥ-Ἷ)

451 5085 601 5159 cosinus
627 5084 742 5182 ipsius
761 5095 802 5184 p,
831 5100 870 5159 et

1004 5204 1163 5299 —-1:--
1174 5223 1284 5325 (epi-*1
1298 5278 1341 5290 -
1357 5221 1494 5324 e-pt'Tr)

1007 5329 1026 5378 2
1045 5294 1076 5393 tf
1086 5330 1147 5380 -1

453 5403 598 5478 dicatur
625 5405 726 5478 sinus
753 5405 867 5503 ipsius
887 5415 928 5504 p.
